
@misc{thomas2021multilevel,
	title = {A multi-level model for estimating region-age-time-type specific male circumcision coverage from household survey and health system data in {South} {Africa}},
	url = {http://arxiv.org/abs/2108.09142},
	language = {en},
	urldate = {2022-10-20},
	publisher = {arXiv},
	author = {Thomas, M. L. and Zuma, K. and Loykissoonlal, D. and Dube, B. and Vranken, P. and Porter, S. E. and Kripke, K. and Seatlhodi, T. and Meyer-Rath, G. and Johnson, L. F. and Eaton, J. W.},
	month = sep,
	year = {2021},
}

@misc{noauthor_world_nodate,
	title = {World {Health} {Organization}. {A} framework for voluntary medical male circumcision: {Effective} {HIV} prevention and a gateway to improved adolescent boys’ and men’s health in {Eastern} and {Southern} {Africa} by 2021, 2016. {URL} https://apps.who.int/iris/bitstream/handle/10665/ 246234/{WHO}-{HIV}-2016.17-eng.pdf?sequence=1.},
	url = {https://apps.who.int/iris/bitstream/handle/10665/246234/WHO-%AD%20HIV-%AD%202016.17-%AD%20eng.pdf?sequence=1},
	file = {b59973678a36682cd1c575ac2bd7c1be.pdf:/home/paddy7wb/Zotero/storage/4I3A643Q/b59973678a36682cd1c575ac2bd7c1be.pdf:application/pdf},
}

@book{rue2005gaussian,
  title={{G}aussian {M}arkov random fields: theory and applications},
  author={Rue, H. and Held, L.},
  year={2005},
  publisher={CRC press}
}

@article{besag1995conditional,
  title={On conditional and intrinsic autoregressions},
  author={Besag, J. and Kooperberg, C.},
  journal={Biometrika},
  volume={82},
  number={4},
  pages={733--746},
  year={1995},
  publisher={Oxford University Press}
}

@article{knorr2000bayesian,
  title={{B}ayesian modelling of inseparable space-time variation in disease risk},
  author={Knorr-Held, Leonhard},
  journal={Statistics in medicine},
  volume={19},
  number={17-18},
  pages={2555--2567},
  year={2000},
  publisher={Wiley Online Library}
}